% https://journal-abbreviations.library.ubc.ca/
%@string { CAG = "Computers \& Graphics" }
@string { CAG = "Comput Graph" }
%@string { CGF = "Computer Graphics Forum" }
@string { CGF = "Comput Graph Forum" }
%@string { IEEEComputer = "IEEE Computer" }
@string { IEEEComputer = "IEEE Comput" }
%@string { CommACM = "Communications of the ACM" }
@string { CommACM = "Commun ACM" }
%@string { SiggraphCG = "ACM SIGGRAPH Computer Graphics" }
@string { SiggraphCG = "ACM SIGGRAPH Comput Graph" }
%@string { CGA = "IEEE Computer Graphics and Applications"}
@string { CGA = "IEEE Comput Graph Appl"}
%@string { TOG = "ACM Transactions on Graphics" }
@string { TOG = "ACM Trans Graph" }
%@string { TVCG = "IEEE Transactions on Visualization and Computer Graphics" }
@string { TVCG = "IEEE Trans Vis Comput Graph" }
@string { TVCG-narrow = "IEEE\,Trans\,Vis\,Comput\,Graph" }
%@string { JV = "Journal of Visualization" }
@string { JV = "J Vis" }
%@string { IV = "Information Visualization" }
@string { IV = "Inf Vis" }
%@string { VC = "The Visual Computer" }
@string { VC = "Vis Comput" }
%@string { CVGIP = "Computer Vision, Graphics, and Image Processing" }
@string { CVGIP = "Comput Vision Graph Image Process" }
%@string { JDI = "Journal of Digital Imaging" }
@string { JDI = "J Digital Imaging" }
%@string { EPR = "Educational Psychology Review" }
@string { EPR = "Educ Psychol Rev" }
%@string { MBC = "Molecular Biology of the Cell" }
@string { MBC = "Mol Biol Cell" }
%@string { NatMeth = "Nature Methods" }
@string { NatMeth = "Nat Methods" }
%@string { NatCom = "Nature Communications" }
@string { NatCom = "Nat Commun" }
%@string { FD = "Faraday Discussions" }
@string { FD = "Faraday Discuss" }
%@string { NAR = "Nucleic Acids Research" }
@string { NAR = "Nucleic Acids Res" }
%@string { IJRASET = "International Journal for Research in Applied Science and Engineering Technology" }
@string { IJRASET = "Int J Res Appl Sci Eng Technol" }
%@string { IEEESoft = "IEEE Software" }
@string { IEEESoft = "IEEE Softw" }
%@string { IJCA = "International Journal of Computer Applications" }
@string { IJCA = "Int J Comput Appl" }
%@string { IJGI = "ISPRS International Journal of Geo-Information" }
@string { IJGI = "ISPRS Int. J. Geoinf" }
%@string { AJNR = "American Journal of Neuroradiology" }
@string { AJNR = "Am J Neuroradiol" }
%@string { Inf = "Information" }
@string { Inf = "Inf" }
%@string { IJCARS = "International Journal of Computer Assisted Radiology and Surgery" }
@string { IJCARS = "Int J Comput Assist Radiol Surg" }
%@string { VR = "Virtual Reality" }
@string { VR = "Virtual Real" }
%@string { TPC = "IEEE Transactions on Professional Communication" }
@string { TPC = "IEEE Trans Prof Commun" }
%@string { IJGIS = "International Journal of Geographical Information Science" }
@string { IJGIS = "Int J Geogr Inf Sci" }
%@string { Presence = "Presence: Teleoperators and Virtual Environments" }
@string { Presence = "Presence (Camb)" }
%@string { IJHCS = "International Journal of Human-Computer Studies" }
@string { IJHCS = "Int J Hum Comput Stud" }
%@string { TAP = "ACM Transactions on Applied Perception" }
@string { TAP = "ACM Trans Appl Percept" }
%@string { PeerJCS = "PeerJ Computer Science" }
@string { PeerJCS = "PeerJ Comput Sci" }
%@string { JMGM = "Journal of Molecular Graphics and Modelling" }
@string { JMGM = "J Mol Graph Modell" }
%@string { PLoSCB = "PLoS Computational Biology" }
@string { PLoSCB = "PLoS Comput Biol" }
%@string { PLoSO = "PLoS ONE" }
@string { PLoSO = "PLoS ONE" }
%@string { BMCB = "BMC Bioinformatics" }
@string { BMCB = "BMC Bioinf" }

%@string { IEEECompSoc = "IEEE Computer Society" } @string { IEEECompSoc = "IEEE Comp.\ Soc." }
@string { IEEECompSoc = "IEEE CS" }

%@string { EGAssoc = "The Eurographics Association" }
%@string { EGAssoc = "Eurographics Assoc" }
@string { EGAssoc = "EG Assoc" }
@string { EGAssoc = "EG" }

%@string { ProcInfoVis = "Proceedings of the IEEE Symposium on Information Visualization (InfoVis)" }
@string { ProcInfoVis = "Proc.\ InfoVis" }
%@string { ProcCHI = "Proceedings of the SIGCHI Conference on Human Factors in Computing Systems (CHI)" }
@string { ProcCHI = "Proc.\ CHI" }
%@string { ProcNPAR = "Proceedings of the Seventh International Symposium on Non-Photorealistic Animation and Rendering (NPAR)" }
@string { ProcNPAR = "Proc.\ NPAR" }
%@string { ProcCAe = "Proceedings of Computational Aesthetics in Graphics, Visualization, and Imaging (CAe)" }
@string { ProcCAe = "Proc.\ CAe" }
%@string { ProcExpressive = "Proceedings of the Joint Symposium on Computational Aesthetics, Sketch-Based Interfaces and Modeling, and Non-Photorealistic Animation and Rendering (Expressive)" }
@string { ProcExpressive = "Proc.\ Expressive" }
%@string { ProcGI = "Proceedings of Graphics Interface (GI)" }
@string { ProcGI = "Proc.\ GI" }
%@string { ProcTabletop = "Proceedings of the IEEE Tabletop Workshop (Tabletop)" }
@string { ProcTabletop = "Proc.\ Tabletop" }
@string { CommentProcITS = "Proceedings of the International Conference on Interactive Tabletops \& Surfaces (ITS)" }
@string { ProcITS = "Proc.\ ITS" }
@string { CommentProcISS = "Proceedings of the International ACM Conference on Interactive Surfaces and Spaces (ISS)" }
@string { ProcISS = "Proc.\ ISS" }
