@article{Besancon:2021:OSS,
  author = {Lonni Besan\c{c}on and Nathan Peiffer-Smadja and Corentin Segalas and Haiting Jiang and Paola Masuzzo and
Cooper Smout and Eric Billy and Maxime Deforet and Cl{\'e}mence Leyrat},
	title = {Open science saves lives: Lessons from the {COVID}-19 pandemic},
  journal = {BMC Med Res Methodol},
  volume = {21},
  articleno = {117},
  numpages = {18},
  year = {2021},
  longdoi = {10.1186/s12874-021-01304-y},
  doi = {10/gkdzr6},
}

@article{Boisvert:2016:IR,
  author = {Ronald F. Boisvert},
  title = {Incentivizing Reproducibility},
  journal = CommACM,
  year = {2016},
  volume = {59},
  number = {10},
  pages = {5},
  longdoi = {10.1145/2994031},
  doi = {10/gc5pts},
}

@article{Bonneel:2020:CRC,
	author = {Bonneel, Nicolas and Coeurjolly, David and Digne, Julie and Mellado, Nicolas},
	title = {Code replicability in computer graphics},
	journal = TOG,
	year = {2020},
	volume = {39},
	number = {4},
  longdoi = {10.1145/3386569.3392413},
  doi = {10/gg8xfh},
	OPTmonth = aug,
	articleno = {93},
	numpages = {8},
}

@article{Chopra:2023:PGG,
  author = {Sidhant Chopra and Loïc Labache and Elvisha Dhamala and Edwina R Orchard and Avram Holmes},
  title = {A Practical Guide for Generating Reproducible and Programmatic Neuroimaging Visualizations},
  journal = {Aperture Neuro},
  year = {2023},
  volume = {3},
  OPTnumber = {},
  OPTpages = {1--20},
	articleno = {001c.85104},
	numpages = {20},
  longdoi = {10.52294/001c.85104},
  doi = {10/gtw4sn},
}

@InProceedings{Claerbout:1992:EDG,
  author = {Jon F. Claerbout and Martin Karrenbach},
  title = {Electronic documents give reproducible research a new meaning},
  booktitle = {SEG Expanded Abstracts},
  year = {1992},
  publisher = {Society of Exploration Geophysicists},
  address = {Houston},
  pages = {601--604},
  longdoi = {10.1190/1.1822162},
  doi = {10/b6t7wj},
}

@article{Cockburn:2020:TRC,
	author = {Cockburn, Andy and Dragicevic, Pierre and Besan\c{c}on, Lonni and Gutwin, Carl},
	title = {Threats of a replication crisis in empirical computer science},
	year = {2020},
	volume = {63},
	number = {8},
  longdoi = {10.1145/3360311},
  doi = {10/gjbnx4},
	journal = CommACM,
	pages = {70--79},
}

@article{Crumwell:2023:WBC,
	author = {Sophia Cr{\"u}well and Deborah Apthorp and Bradley J. Baker and Lincoln Colling and Malte Elson and Sandra J. Geiger and Sebastian Lobentanzer and Jean Mon{\'e}ger and Alex Patterson and D. Samuel Schwarzkopf and Mirela Zaneva and Nicholas J. L. Brown},
	title ={What's in a Badge? {A} Computational Reproducibility Investigation of the Open Data Badge Policy in One Issue of Psychological Science},
	journal = {Psychol Sci},
	volume = {34},
	number = {4},
	pages = {512--522},
	year = {2023},
  longdoi = {10.1177/09567976221140828},
  doi = {10/grzd4n},
}

@INPROCEEDINGS{Cushing:2018:SVR,
  author={Cushing, Judith Bayard and Lach, Denise and Zanocco, Chad and Halama, Jonathan},
  title={Scientific Visualization and Reproducibility for ``Open'' Environmental Science}, 
  booktitle={Proc.\ Big Data}, 
  year={2018},
  publisher=IEEECompSoc,
  address={Los Alamitos},
  pages={3211--3216},
  longdoi = {10.1109/BigData.2018.8622039},
  doi = {10/gtw4zm},
}

@ARTICLE{DeFloriani:2018:MEC,
  author={De Floriani, Leila},
  journal=TVCG, 
  title={State of the Journal}, 
  year={2018},
  volume={24},
  number={2},
  pages={1036--1037},
  longdoi = {10.1109/TVCG.2017.2780598},
  doi = {10/gtzdcx},
}

@article{Fekete:2020:ERV,
  author = {Jean-Daniel Fekete and Juliana Freire},
  title = {Exploring Reproducibility in Visualization},
  journal = CGA,
  year = {2020},
  volume = {40},
  number = {5},
  pages = {108--119},
  longdoi = {10.1109/MCG.2020.3006412},
  doi = {10/ghd59m},
}

@INPROCEEDINGS{Franke:2023:TRV,
  author={Franke, Max and Reina, Guido and Koch, Steffen},
  title={Toward Reproducible Visual Analysis Results}, 
  booktitle={Proc.\ PacificVis}, 
  year={2023},
  publisher=IEEECompSoc,
  address={Los Alamitos},
  pages={102--106},
  longdoi = {10.1109/PacificVis56936.2023.00018},
  doi = {10/gtw42q},
}

@INPROCEEDINGS{Garkov:2022:RDC,
  author={Garkov, Dimitar and Müller, Christoph and Braun, Matthias and Weiskopf, Daniel and Schreiber, Falk},
  booktitle={Proc.\ BELIV}, 
  title={Research Data Curation in Visualization: Position Paper}, 
  year={2022},
  pages={56--65},
  publisher = IEEECompSoc,
	address = {Los Alamitos},
  longdoi = {10.1109/BELIV57783.2022.00011},
  doi = {10/gttm5m},
}
	
@INPROCEEDINGS{Haroz:2018:OPV,
  author={Haroz, Steve},
  title={Open Practices in Visualization Research: Opinion Paper}, 
  booktitle={Proc.\ BELIV}, 
  year={2018},
  publisher=IEEECompSoc,
  address={Los Alamitos},
  pages={46--52},
  longdoi = {10.1109/BELIV.2018.8634427},
  doi = {10/gtw4sp},
}

@article{Isenberg:2017:VMC,
  author      = {Petra Isenberg and Florian Heimerl and Steffen Koch and Tobias Isenberg and Panpan Xu and Charles D. Stolper and Michael Sedlmair and Jian Chen and Torsten M{\"o}ller and John Stasko},
  title       = {vispubdata.org: A Metadata Collection about {IEEE} Visualization ({VIS}) Publications},
  journal     = TVCG,
  year        = {2017},
  volume      = {23},
  number      = {9},
  OPTmonth       = sep,
  pages       = {2199--2206},
  longdoi = {10.1109/TVCG.2016.2615308},
  doi = {10/ggwwrv},
}

@inproceedings{Isenberg:2022:PEP,
  author      = {Tobias Isenberg},
  title       = {Personal Experiences of Providing and Using Research Prototypes},
  booktitle   = {Proc.\ VisGap},
  year        = {2022},
  pages       = {17--22},
  publisher   = EGAssoc,
  address     = {Goslar},
  longdoi = {10.2312/visgap.20221059},
  doi = {10/gr2d83},
}

@Techreport{Jansen:2024:MWB,
  author = {Jansen, Yvonne and Jan B. Vornhagen and Olga Iarygina and Kavous Salehzadeh Niksirat and Lonni Besan\c{c}on and Pierre Dragicevic and Julien Gori and Chat Wacharamanotham},
  title = {The Many Ways of Being Transparent in Human-Computer Interaction Research},
  type = {{OSF} preprint},
  year = {2024},
  longdoi = {10.31219/osf.io/2wze6},
  doi = {10/gt3f2v},
}

@article{Jorge:2018:EN,
	author = {Joaquim Jorge},
	title = {Editorial Note},
	journal = {Computers \& Graphics},
	volume = {74},
	pages = {A1--A2},
	year = {2018},
  longdoi = {https://doi.org/10.1016/j.cag.2018.07.001},
  doi = {10/gtzdcz},
}

@article{Jorge:2020:NEC,
	author = {Joaquim Jorge},
	title = {A note from the Editor in Chief},
	journal = {Computers \& Graphics},
	volume = {88},
	pages = {A1--A3},
	year = {2020},
  longdoi = {10.1016/j.cag.2020.05.002},
  doi = {10/gtzdc3},
}

@inproceedings{Kosara:2016:EBS,
	author = {Kosara, Robert},
	title = {An Empire Built On Sand: Reexamining What We Think We Know About Visualization},
	booktitle = {Proc.\ BELIV},
	year = {2016},
	publisher = {ACM},
	address = {New York},
  longdoi = {10.1145/2993901.2993909},
  doi = {10/gfz5kr},
	pages = {162--168},
}

@INPROCEEDINGS{Kosara:2018:SRC,
  author={Kosara, Robert and Haroz, Steve},
  title={Skipping the Replication Crisis in Visualization: Threats to Study Validity and How to Address Them: Position Paper}, 
  booktitle={Proc.\ BELIV}, 
  year={2018},
  publisher=IEEECompSoc,
  address={Los Alamitos},
  pages={102--107},
  longdoi = {10.1109/BELIV.2018.8634392},
  doi = {10/gtw4sq},
}

@Book{NASEM:2019:RRS,
  author = {{Academies of Sciences, Engineering, and Medicine}},
	title = {Reproducibility and Replicability in Science},
	year = {2019},
	publisher = {National Academies Press},
	address = {Washington, DC},
  longdoi = {10.17226/25303},
  doi = {10/c5jp},
}
	
@ARTICLE{Plesser:2018:RRB,
	AUTHOR={Plesser, Hans E.},
	TITLE={Reproducibility vs. Replicability: A Brief History of a Confused Terminology},
	OPTJOURNAL={Frontiers in Neuroinformatics},
	JOURNAL={Front Neuroinf},
	VOLUME={11},
	articleno = {76},
	numpages = {4},
	YEAR={2018},
  longdoi = {10.3389/fninf.2017.00076},
  doi = {10/gc5ptr},
}

@TechReport{Quadri:2019:YCP,
  author = {Ghulam Jilani Quadri and Paul Rosen},
	title = {You Can’t Publish Replication Studies (and How to Anyways)},
	year = {2019},
	type = {arXiv preprint},
	number = {1908.08893},
  longdoi = {10.48550/arXiv.1908.08893},
  doi = {10/gtxgh9},
}

@article{Reina:2023:CID,
  author = {Guido Reina},
  title = {Can Image Data Facilitate Reproducibility of Graphics and Visualizations? {T}oward a Trusted Scientific Practice},
  journal = CGA,
  year = {2023},
  volume = {43},
  number = {2},
  pages = {89--99},
  longdoi = {10.1109/MCG.2023.3241819},
  doi = {10/gtw4nt},
}

@article{Rougier​:2017:SCS,
  author = {Nicolas P. Rougier and Konrad Hinsen and Frédéric Alexandre and Thomas Arildsen and Lorena A. Barba and Fabien C. Y. Benureau and C. Titus Brown and Pierre de Buyl and Ozan Caglayan and Andrew P. Davison and Marc-André Delsuc and Georgios Detorakis and Alexandra K. Diem and Damien Drix and Pierre Enel and Benoît Girard and Olivia Guest and Matt G. Hall and Rafael N. Henriques and Xavier Hinaut and Kamil S. Jaron and Mehdi Khamassi and Almar Klein and Tiina Manninen and Pietro Marchesi and Daniel McGlinn and Christoph Metzner and Owen Petchey and Hans Ekkehard Plesser and Timothée Poisot and Karthik Ram and Yoav Ram and Etienne Roesch and Cyrille Rossant and Vahid Rostami and Aaron Shifman and Jemma Stachelek and Marcel Stimberg and Frank Stollmeier and Federico Vaggi and Guillaume Viejo and Julien Vitay and Anya E. Vostinar and Roman Yurchak and Tiziano Zito},
	title = {Sustainable computational science: The {ReScience} initiative},
	OPTjournal = {PeerJ Computer Science},
	journal = {PeerJ Comput Sci},
	year = {2017},
	volume = {3},
	articleno = {e142},
	numpages = {17},
  longdoi = {10.7717/peerj-cs.142},
  doi = {10/gcx5kf},
}	

@inproceedings{Syeda:2024:VRT,
	author = {Syeda, Uzma Haque and South, Laura and Raynor, Justin and Panavas, Liudas and Saffo, David and Morriss, Tommy and Dunne, Cody and Borkin, Michelle A.},
	title = {Vis Repligogy: Towards a Culture of Facilitating Replication Studies in Visualization Pedagogy and Research},
	booktitle = {EuroVis Education Papers},
	year = {2024},
	publisher = EGAssoc,
	address = {Goslar},
	articleno = {eved.20241054},
	numpages = {9},
  longdoi = {10.2312/eved.20241054},
  doi = {10/gtxbsb},
}

@INPROCEEDINGS{Sukumar:2018:TDU,
  author={Sukumar, Poorna Talkad and Metoyer, Ronald},
  title={Towards Designing Unbiased Replication Studies in Information Visualization}, 
  booktitle={Proc.\ BELIV}, 
  year={2018},
  publisher=IEEECompSoc,
  address={Los Alamitos},
  pages={93--101},
  longdoi = {10.1109/BELIV.2018.8634261},
  doi = {10/gtw4sr},
}

@INPROCEEDINGS{Valdez:2018:RRR,
  author={Valdez, André Calero and Schaar, Anne Kathrin and Hildebrandt, Julian Romeo and Ziefle, Martina},
  title={Requirements for Reproducibility of Research in Situational and Spatio-Temporal Visualization: Position Paper}, 
  booktitle={Proc.\ BELIV}, 
  year={2018},
  publisher=IEEECompSoc,
  address={Los Alamitos},
  pages={53--59},
  longdoi = {10.1109/BELIV.2018.8634150},
  doi = {10/gtw4ss},
}

@inproceedings{Wilson:2012:RCF,
	title	= {{RepliCHI} {SIG}: From a panel to a new submission venue for replication},
	author	= {Max L. Wilson and Wendy Mackay and Ed H. Chi and Michael Bernstein and Jeffrey Nichols},
	year	= {2012},
	longdoi	= {10.1145/2212776.2212419},
	doi	= {10/m59w},
	booktitle	= {CHI Extended Abstracts},
	pages	= {1185--1188},
	address	= {New York},
	publisher = {ACM},
}

@inproceedings{Wilson:2013:RW,
	author = {Wilson, Max L. and Resnick, Paul and Coyle, David and Chi, Ed H.},
	title = {{RepliCHI}: The workshop},
	year = {2013},
	address	= {New York},
	publisher = {ACM},
  longdoi = {10.1145/2468356.2479636},
  doi = {10/gt28zx},
	booktitle = {CHI Extended Abstracts},
	pages = {3159--3162},
}

@inproceedings{Wilson:2014:RW2,
	author = {Wilson, Max L. and Chi, Ed H. and Reeves, Stuart and Coyle, David},
	title = {{RepliCHI}: The workshop {II}},
	year = {2014},
	address	= {New York},
	publisher = {ACM},
  longdoi = {10.1145/2559206.2559233},
  doi = {10/gt28zz},
	booktitle = {CHI Extended Abstracts},
	pages = {33--36},
}

